
@article{olabe_pensamiento_2015,
    title = {Pensamiento Computacional a través de la Programación: Paradigma de Aprendizaje},
    issn = {1578-7680},
    url = {https://dialnet.unirioja.es/servlet/articulo?codigo=6019733},
    shorttitle = {Pensamiento Computacional a través de la Programación},
    abstract = {Autorías: Xabier Basogain Olabe, Miguel Angel Olabe Basogain, Juan Carlos Olabe Basogain.
Localización: {RED}: Revista de Educación a Distancia. Nº. 46, 2015.
Artículo de Revista en Dialnet.},
    pages = {2},
    number = {46},
    journaltitle = {{RED}: Revista de Educación a Distancia},
    author = {Olabe, Xabier Basogain and Basogain, Miguel Angel Olabe and Basogain, Juan Carlos Olabe},
    date = {2015},
    file = {Full Text PDF:/Users/ernesto/Zotero/storage/NND753ZH/Olabe et al. - 2015 - Pensamiento Computacional a través de la Programac.pdf:application/pdf;Snapshot:/Users/ernesto/Zotero/storage/4MVGXA49/articulo.html:text/html}
}

@online{comons_creative_2013,
    title = {Creative Commons - Reconocimiento 4.0 Internacional - {CC} {BY} 4.0},
    url = {https://creativecommons.org/licenses/by/4.0/legalcode.es},
    author = {Comons, Creative},
    date = {2013-11-25}
}

@article{ernesto_prado_2016,
    title = {Análisis de plataforma de recursos de apoyo a la docencia Prado2},
    journaltitle = {ETSIIT, Universidad de Granada},
    author = {Serrano, Ernesto},
    date = {2017},
    langid = {spanish},
    location = {Granada},
}
@article{barr_using_2016,
    title = {Using Turing's Craft {CodeLab} to support {CS}1 students as they learn to program},
    url = {https://www.researchgate.net/publication/303319606_Using_Turing's_Craft_CodeLab_to_support_CS1_students_as_they_learn_to_program},
    journaltitle = {{ACM} Inroads},
    author = {Barr, Valerie and Trytten, Deborah},

    date = {2016},
    langid = {english},
    file = {Snapshot:/Users/ernesto/Zotero/storage/IXXLLK5G/303319606_Using_Turing's_Craft_CodeLab_to_support_CS1_students_as_they_learn_to_program.html:text/html}
}

@collection{martin_clean_2009,
    location = {Upper Saddle River, {NJ}},
    title = {Clean code: a handbook of agile software craftsmanship},
    isbn = {978-0-13-235088-4},
    shorttitle = {Clean code},
    pagetotal = {431},
    publisher = {Prentice Hall},
    editor = {Martin, Robert C.},
    date = {2009},
    keywords = {Agile software development, Computer software, Reliability}
}

@article{vitale_psycopedagogical_1990,
    title = {A psycopedagogical approach to teaching of a programming language in secondary schools},
    issn = {0210-3702, 1578-4126},
    url = {https://dialnet.unirioja.es/servlet/articulo?codigo=48350},
    abstract = {Autoría: Bruno Vitale.
Localización: Infancia y Aprendizaje: Journal for the Study of Education and Development. Nº 50, 1990.
Artículo de Revista en Dialnet.},
    pages = {63},
    number = {50},
    journaltitle = {Infancia y Aprendizaje: Journal for the Study of Education and Development},
    author = {Vitale, Bruno},

    date = {1990},
    file = {Full Text PDF:/Users/ernesto/Zotero/storage/2BNBNQ5X/Vitale - 1990 - A psycopedagogical approach to teaching of a progr.pdf:application/pdf;Snapshot:/Users/ernesto/Zotero/storage/XJMWYXXK/articulo.html:text/html}
}

@online{fecyt_educacion_2016,
    title = {La educación en Ciencias de la Computación en España 2015, a debate},
    url = {https://www.fecyt.es/es/publicacion/educacion-de-las-ciencias-de-la-computacion-en-espana},
    abstract = {El informe “Educación en Ciencias de la Computación en España 2015”, elaborado por {FECYT}, Google y Everis, tiene como objetivo analizar la situación actual de la enseñanza en Ciencias de la Computación en España para alumnos entre 6 y 16 años e identificar las variables influyentes en el proceso de elección de este itinerario formativo.},
    titleaddon = {{FECYT}},
    type = {Text},
    author = {FECYT and Everis},
    date = {2016-04-20},
    langid = {spanish},
    file = {Snapshot:/Users/ernesto/Zotero/storage/8BYUNT4U/se-presenta-el-informe-educacion-en-ciencias-de-la-computacion-en-espana-2015.html:text/html}
}

@article{bruce_contemporary_2002,
    title = {Contemporary developments in teaching and learning introductory programming: Towards a research proposal},
    url = {https://www.academia.edu/18530488/Contemporary_developments_in_teaching_and_learning_introductory_programming_Towards_a_research_proposal},
    shorttitle = {Contemporary developments in teaching and learning introductory programming},
    abstract = {Contemporary developments in teaching and learning introductory programming: Towards a research proposal},
    journaltitle = {Teaching and Learning Report},
    author = {Bruce, Christine Susan},
    date = {2002},

    langid = {english},
    file = {Snapshot:/Users/ernesto/Zotero/storage/QV78GDSI/Contemporary_developments_in_teaching_and_learning_introductory_programming_Towards_a_research_.html:text/html}
}

@article{qian_teachers_2019,
    title = {Teachers’ Perceptions of Student Misconceptions in Introductory Programming},
    issn = {0735-6331},
    url = {https://doi.org/10.1177/0735633119845413},
    doi = {10.1177/0735633119845413},
    abstract = {A quality computer science ({CS}) teacher needs to understand students’ common misconceptions in learning {CS}. This study explored one aspect of {CS} teachers’ understanding of student misconceptions: their perceptions of student misconceptions related to introductory programming. Perceptions in this study included three parts: teachers’ perceived frequency of a student misconception, teachers’ perceived importance of a misconception in learning, and teachers’ confidence in addressing a misconception. Teachers in our study taught a Python-based {CS} course for high schools students. A survey was designed and administered to assess teachers’ perceptions of students’ misconceptions. Our results indicated that teachers’ confidence of addressing misconceptions and the teaching context may affect their perceptions of student misconceptions. We also found that some latent misconceptions are likely to lead to a perception of low frequency as they can be more difficult to detect. Moreover, our study found that teachers’ degrees and additional computing training showed positive relationships with their confidence of addressing student misconceptions and that additional computing training also showed a positive relationship with teachers’ perceived importance of student misconceptions. Implications of the findings for future research and practice of {CS} education are discussed.},
    pages = {0735633119845413},
    journaltitle = {Journal of Educational Computing Research},
    shortjournal = {Journal of Educational Computing Research},
    author = {Qian, Yizhou and Hambrusch, Susanne and Yadav, Aman and Gretter, Sarah and Li, Yue},

    date = {2019-04-29},
    langid = {english}
}

@inproceedings{insa_semi-automatic_2015,
    location = {New York, {NY}, {USA}},
    title = {Semi-Automatic Assessment of Unrestrained Java Code: A Library, a {DSL}, and a Workbench to Assess Exams and Exercises},
    isbn = {978-1-4503-3440-2},
    url = {http://doi.acm.org/10.1145/2729094.2742615},
    doi = {10.1145/2729094.2742615},
    series = {{ITiCSE} '15},
    shorttitle = {Semi-Automatic Assessment of Unrestrained Java Code},
    abstract = {Automated marking of multiple-choice exams is of great interest in university courses with a large number of students. For this reason, it has been systematically implanted in almost all universities. Automatic assessment of source code is however less extended. There are several reasons for that. One reason is that almost all existing systems are based on output comparison with a gold standard. If the output is the expected, the code is correct. Otherwise, it is reported as wrong, even if there is only one typo in the code. Moreover, why it is wrong remains a mystery. In general, assessment tools treat the code as a black box, and they only assess the externally observable behavior. In this work we introduce a new code assessment method that also verifies properties of the code, thus allowing to mark the code even if it is only partially correct. We also report about the use of this system in a real university context, showing that the system automatically assesses around 50\% of the work.},
    pages = {39--44},
    booktitle = {Proceedings of the 2015 {ACM} Conference on Innovation and Technology in Computer Science Education},
    publisher = {{ACM}},
    author = {Insa, David and Silva, Josep},

    date = {2015},
    note = {event-place: Vilnius, Lithuania},
    keywords = {assessment, java programming, teaching}
}

@INPROCEEDINGS{4032306,
    author={Y. t. {Yu} and C. k. {Poon} and M. {Choy}},
    booktitle={2006 Sixth International Conference on Quality Software (QSIC'06)},
    title={Experiences with PASS: Developing and Using a Programming Assignment aSsessment System},
    year={2006},
    volume={},
    number={},
    pages={360-368},
    keywords={computer aided instruction;Internet;programming;teaching;computer programming;teaching;Web-based system;Programming Assignment aSsessment System;Education;Programming profession;Testing;Computer science;Laboratories;Feedback;Software engineering;Logistics;Technology management;Production systems},
    doi={10.1109/QSIC.2006.28},
    ISSN={1550-6002},
    month={Oct},
}

@book{ismail_exponential_2014,
    title = {Exponential Organizations: Why new organizations are ten times better, faster, and cheaper than yours (and what to do about it)},
    isbn = {978-1-62681-358-8},
    shorttitle = {Exponential Organizations},
    abstract = {Frost \& Sullivan's 2014 Growth, Innovation, and Leadership Book of the Year "{EXPONENTIAL} {ORGANIZATIONS} should be required reading for anyone interested in the ways exponential technologies are reinventing best practices in business." —Ray Kurzweil, Director of Engineering at Google In business, performance is key. In performance, how you organize can be the key to growth. In the past five years, the business world has seen the birth of a new breed of company—the Exponential Organization—that has revolutionized how a company can accelerate its growth by using technology. An {ExO} can eliminate the incremental, linear way traditional companies get bigger, leveraging assets like community, big data, algorithms, and new technology into achieving performance benchmarks ten times better than its peers. Three luminaries of the business world—Salim Ismail, Yuri van Geest, and Mike Malone—have researched this phenomenon and documented ten characteristics of Exponential Organizations. Here, in {EXPONENTIAL} {ORGANIZATIONS}, they walk the reader through how any company, from a startup to a multi-national, can become an {ExO}, streamline its performance, and grow to the next level. "{EXPONENTIAL} {ORGANIZATIONS} is the most pivotal book in its class. Salim examines the future of organizations and offers readers his insights on the concept of Exponential Organizations, because he himself embodies the strategy, structure, culture, processes, and systems of this new breed of company." —John Hagel, The Center for the Edge Chosen by Benjamin Netanyahu, Prime Minister of Israel, to be one of Bloomberg's Best Books of 2015},
    pagetotal = {271},
    publisher = {Diversion Books},
    author = {Ismail, Salim},
    date = {2014-10-14},
    langid = {english},
    keywords = {Business \& Economics / Development / General, Business \& Economics / Entrepreneurship, Business \& Economics / Management}
}


@book{ismail_exponential_2018,
    title = {Exponential Transformation: The {ExO} Sprint Playbook to Evolve Your Organization to Navigate Industry Disruption and Change the World for the Better},
    isbn = {978-1-63576-520-5},
    shorttitle = {Exponential Transformation},
    abstract = {Today’s top business challenge is adapting to accelerating technological change. We are in the early stages of the Fourth Industrial Revolution, characterized by the convergence of new exponentially advancing technologies that blur the lines between physical, digital and biological realms. The results are a complete uprooting of industries the world over as entire production, management, and governance systems are impacted. The best-selling book Exponential Organizations by Salim Ismail explained why we are seeing the emergence of a new kind of organization—the Exponential Organization—that thrives in the face of industry disruption and achieves its own exponential growth. Since the release of Exponential Organizations in 2014, Salim Ismail, Francisco Palao, and Michelle Lapierre have been working with leading organizations around the world (including Procter \& Gamble, Unilever, Visa, Stanley Black \& Decker and Hewlett Packard) to help them apply Exponential Organization principles to avoid being disrupted and to take the lead in disrupting their own and other industries. The result is a ten-week process called the {ExO} Sprint that speeds up transformation while blocking the natural immune system response that organizations must overcome in order to successfully transform themselves. Salim's first bestseller was focused on why Exponential Organizations exist today. Exponential Transformation is a detailed handbook for applying Exponential Organization principles, giving individuals and organizations a step-by-step approach to follow to become their own {ExO}.},
    pagetotal = {390},
    publisher = {Diversion Books},
    author = {Ismail, Salim and Palao, Francisco and Lapierre, Michelle},
    date = {2018-10-30},
    langid = {english},
    keywords = {Business \& Economics / Organizational Development, Business \& Economics / Strategic Planning}
}

@book{roca_nuevas_2015,
    location = {Esplugues de Llobregat},
    title = {Las Nuevas tecnologías en niños y adolescentes: guía para educar saludablemente en una sociedad digital},
    isbn = {978-84-606-8337-7},
    shorttitle = {Las Nuevas tecnologías en niños y adolescentes},
    publisher = {Faros Sant Joan de Déu},
    author = {Roca, Genís and Nafría, Begonya and Hospital Infantil Sant Joan de Déu (Barcelona, Catalunya) and {FAROS Sant Joan de Déu}},
    date = {2015},
    note = {{OCLC}: 954066790}
}

@misc{junta_de_andalucia_decreto_2016,
    title = {Decreto 111/2016, de 14 de junio, por el que se establece la ordenación y el currículo de la Educación Secundaria Obligatoria en la Comunidad Autónoma de Andalucía.},
    url = {https://www.juntadeandalucia.es/boja/2016/122/2},
    publisher = {{BOJA}},
    author = {Junta de Andalucía},
    date = {2016},
    file = {Decreto 111/2016, de 14 de junio, por el que se establece la ordenación y el currículo de la Educación Secundaria Obligatoria en la Comunidad Autónoma de Andalucía.:/Users/ernesto/Zotero/storage/H8VW9E4F/2.html:text/html}
}


@misc{junta_de_andalucia_decreto_2009,
    title = {Decreto 301/2009, de 14 de julio, por el que se regula el calendario y la jornada escolar en los centros docentes, a excepción de los universitarios.},
    url = {https://www.juntadeandalucia.es/boja/2009/139/1},
    publisher = {{BOJA}},
    author = {Junta de Andalucía},

    date = {2009},
    file = {Decreto 301/2009, de 14 de julio, por el que se regula el calendario y la jornada escolar en los centros docentes, a excepción de los universitarios.:/Users/ernesto/Zotero/storage/MAEAPWGS/1.html:text/html}
}


@article{rubio2018,
    title = {Uso de una herramienta de corrección automática en un curso de programación: Una experiencia docente},
    volume = {3},
    rights = {Esta obra est\&aacute; bajo una licencia de Creative Commons  Reconocimiento-{NoComercial}-{SinObraDerivada} 4.0 Internacional que\&nbsp; permite copiar, distribuir y comunicar p\&uacute;blicamente la obra en\&nbsp;  cualquier medio, s\&oacute;lido o electr\&oacute;nico, siempre que se acrediten a los\&nbsp;  autores y fuentes originales y no se haga un uso comercial.},
    issn = {2531-0607},
    url = {http://www.aenui.net/ojs/index.php?journal=actas_jenui&page=article&op=view&path%5B%5D=437},
    shorttitle = {Uso de una herramienta de corrección automática en un curso de programación},
    abstract = {Resumen    Ser capaz de programar se ha convertido en una competencia necesaria en un n\&uacute;mero importante de profesiones. Como consecuencia ha aumentado la demanda de cursos de programaci\&oacute;n en todos los niveles de ense\&ntilde;anza.    Estos cursos suponen un desaf\&iacute;o para los profesores involucrados ya que muchos estudiantes encuentran bastantes dificultades cuando empiezan a programar. Esto provoca un alto nivel de abandono en estas asignaturas. Para los profesores encargados de estas asignaturas suponen una alta carga de trabajo ya que deben corregir un gran n\&uacute;mero de ejercicios de programaci\&oacute;n.    Las herramientas de correcci\&oacute;n autom\&aacute;tica son una soluci\&oacute;n para estos problemas. Por un lado, los estudiantes disponen de una retroalimentaci\&oacute;n inmediata de su trabajo. Esto facilita el aprendizaje y aumenta su motivaci\&oacute;n. Por otro lado, la carga docente del profesor disminuye en gran medida.    En este estudio describimos el proceso de implantaci\&oacute;n de una herramienta de correcci\&oacute;n autom\&aacute;tica {CodeRunner} en un curso de programaci\&oacute;n. Los resultados han sido bastante buenos: ha aumentado la participaci\&oacute;n y ha bajado significativamente la tasa de abandono de la asignatura. Adem\&aacute;s, los estudiantes expresan una alta satisfacci\&oacute;n con el uso de esta herramienta.    Abstract    A growing number of scientific and technological professions require the use of basic programming skills. In response to this need, educational institutions have begun to offer programming courses at all education levels.    These courses pose a challenge for the teachers involved. Many students find learning to program difficult and the failure rates tend to be high. Additionally, these courses place significant demands on\&nbsp;  the instructors\&rsquo; time as they must assess many programming exercises.      Automatic assessment tools offer a solution to these problems. On one hand, students using these tools have immediate feedback on their work. This facilitates learning and increases their motivation. On the other hand, teachers devote less time to assess programming exercises, time that can be used in other teaching tasks.    In this study we describe the use of an automatic assessment tool -{CodeRunnerin} an introductory programming course. The results have been quite good: students\&rsquo; participation in lab sessions increased, and the drop-out rate decreased significantly. Additionally, students express a high degree of satisfaction when using this tool.},
    pages = {345--350},
    number = {0},
    journaltitle = {Actas de las Jornadas sobre Enseñanza Universitaria de la Informática},
    author = {Rubio, Miguel Ángel and González del Valle, Francisco},
    date = {2018-06-18},
    langid = {spanish},
    file = {Snapshot:/Users/ernesto/Zotero/storage/XXZRPKNN/index.html:text/html}
}

@book{prinz_c_2008,
    location = {Sebastopol},
    title = {C in a Nutshell.},
    isbn = {978-0-596-55071-4},
    url = {http://public.eblib.com/choice/publicfullrecord.aspx?p=443138},
    abstract = {Covering the C programming language and C runtime library, this book is destined to be a constant companion in your work. C in a Nutshell covers virtually everything you need to program in C. Topics include runtime library calls, common compiler options, and questions of C syntax and usage. Not to be missed by C programmers of all levels.},
    publisher = {O'Reilly Media, Inc.},
    author = {Prinz, Peter and Crawford, Tony},

    date = {2008},
    note = {{OCLC}: 609840856}
}

@book{kernighan_c_1978,
    location = {Englewood Cliffs, N.J},
    title = {The C programming language},
    isbn = {978-0-13-110163-0},
    series = {Prentice-Hall software series},
    pagetotal = {228},
    publisher = {Prentice-Hall},
    author = {Kernighan, Brian W. and Ritchie, Dennis M.},
    date = {1978},
    keywords = {C (Computer program language)}
}

@book{kemeny_structured_1987,
    location = {New York},
    title = {Structured {BASIC} programming},
    isbn = {978-0-471-81087-2},
    pagetotal = {388},
    publisher = {Wiley},
    author = {Kemeny, John G. and Kurtz, Thomas E.},
    date = {1987},
    keywords = {{BASIC} (Computer program language), Structured programming}
}

@book{barcelo_historia_2013,
    location = {España},
    title = {Una Historia de la Informática},
    isbn = {978-84-9788-709-0},
    url = {https://library.biblioboard.com/content/3141de6a-8b12-46a2-a98f-e404f125b86a},
    abstract = {Este libro es parte de la colección e-Libro en {BiblioBoard}.},
    publisher = {Editorial {UOC}},
    author = {Barceló, Miquel},

    date = {2013},
    note = {{OCLC}: 963754806}
}


@inproceedings{gonzalez_programacion_2007,
    title = {La programación en el proceso enseñanza-aprendizaje},
    isbn = {978-84-9732-519-6},
    abstract = {Autorías: José Miguel Jiménez González, Ángel Pío González Soto, Manuel Fandos Garrido.
Localización: Formación de formadores, 2007.
Artículo de Libro en Dialnet.},
    eventtitle = {Formación de formadores},
    pages = {209--270},
    booktitle = {Formación de formadores,  Vol. 1, 2007 (Escenario Aula), {ISBN} 84-9732-519-2, págs. 209-270},
    publisher = {Thomson-Paraninfo},
    author = {González, José Miguel Jiménez and Soto, Ángel Pío González and Garrido, Manuel Fandos},

    date = {2007},
    file = {Snapshot:/Users/ernesto/Zotero/storage/VXWP9CBH/articulo.html:text/html}
}

@article{portilla_problemas_2016,
    title = {Problemas de enseñanza y aprendizaje de los fundamentos de programación},
    volume = {10},
    issn = {2011-5318, 2462-8564},
    url = {https://dialnet.unirioja.es/servlet/articulo?codigo=5585933},
    abstract = {Autoría: Jesús Insuasti Portilla.
Localización: Educación y Desarrollo Social. Nº. 2, 2016.
Artículo de Revista en Dialnet.},
    pages = {234--246},
    number = {2},
    journaltitle = {Educación y Desarrollo Social},
    author = {Portilla, Jesús Insuasti},

    date = {2016},
    file = {Full Text PDF:/Users/ernesto/Zotero/storage/EXZG72PM/Portilla - 2016 - Problemas de enseñanza y aprendizaje de los fundam.pdf:application/pdf;Snapshot:/Users/ernesto/Zotero/storage/2SSRH3NL/articulo.html:text/html}
}

@article{szpiniak_ensenanza_2006,
    title = {Enseñanza de la programación},
    issn = {1850-9959},
    abstract = {Autorías: Ariel Ferreira Szpiniak, Guillermo Aníbal Rojo.
Localización: {TE} \& {ET}: Revista Iberoamericana de Tecnología en Educación y Educación en Tecnología. Nº. 1, 2006.
Artículo de Revista en Dialnet.},
    pages = {9--8},
    number = {1},
    journaltitle = {{TE} \& {ET}: Revista Iberoamericana de Tecnología en Educación y Educación en Tecnología},
    author = {Szpiniak, Ariel Ferreira and Rojo, Guillermo Aníbal},
    date = {2006},
    file = {Snapshot:/Users/ernesto/Zotero/storage/PEHKSMV4/articulo.html:text/html}
}

@article{popov_control_2012,
    title = {Control de Versiones: Git para no programadores},
    issn = {1576-4079},
    url = {https://dialnet.unirioja.es/servlet/articulo?codigo=4037882},
    shorttitle = {Control de Versiones},
    abstract = {Autoría: Dmitri Popov.
Localización: Linux magazine. Nº. 86, 2012.
Artículo de Revista en Dialnet.},
    pages = {65--68},
    number = {86},
    journaltitle = {Linux magazine},
    author = {Popov, Dmitri},
    date = {2012},
    file = {Snapshot:/Users/ernesto/Zotero/storage/PL77UJXG/articulo.html:text/html}
}

@article{garcia_control_1994,
    title = {Control de versiones: un enfoque práctico: un enfoque práctico},
    issn = {0211-2124},
    shorttitle = {Control de versiones},
    abstract = {Autoría: Manuel José Barranco García.
Localización: Novática: Revista de la Asociación de Técnicos de Informática. Nº 111, 1994.
Artículo de Revista en Dialnet.},
    pages = {11},
    number = {111},
    journaltitle = {Novática: Revista de la Asociación de Técnicos de Informática},
    author = {García, Manuel José Barranco},
    date = {1994},
    file = {Snapshot:/Users/ernesto/Zotero/storage/5MTT7A6X/articulo.html:text/html}
}

@inproceedings{hernandez_integracion_2018,
    title = {Integración de las herramientas "Github education" en el aula},
    isbn = {978-84-15939-62-7},
    abstract = {Autorías: Coromoto León Hernández, Gara Miranda Valladares, Casiano Rodríguez León, Eduardo Segredo González, Carlos Segura González.
Localización: De la innovación imaginada a los procesos de cambio, 2018.
Artículo de Libro en Dialnet.},
    eventtitle = {De la innovación imaginada a los procesos de cambio},
    pages = {333--346},
    booktitle = {De la innovación imaginada a los procesos de cambio, 2018, {ISBN} 978-84-15939-62-7, págs. 333-346},
    publisher = {Servicio de Publicaciones},
    author = {Hernández, Coromoto León and Valladares, Gara Miranda and León, Casiano Rodríguez and González, Eduardo Segredo and González, Carlos Segura},
    date = {2018},
    file = {Snapshot:/Users/ernesto/Zotero/storage/HM6AUVC7/articulo.html:text/html}
}

@inproceedings{salazar_metodo_2016,
    title = {Método para el seguimiento de proyectos de fin de curso en materias de lenguajes de programación utilizando la plataforma {GitHub}},
    isbn = {978-84-9921-848-9},
    url = {https://dialnet.unirioja.es/servlet/articulo?codigo=6011313},
    abstract = {Autorías: Javier Salazar, Ponce Hidalgo, Narcisa Salazar, Byron Ernesto Vaca Barahona.
Localización: Tecnología, innovación e investigación en los procesos de enseñanza-aprendizaje, 2016.
Artículo de Libro en Dialnet.},
    eventtitle = {Tecnología, innovación e investigación en los procesos de enseñanza-aprendizaje},
    pages = {2247--2256},
    booktitle = {Tecnología, innovación e investigación en los procesos de enseñanza-aprendizaje, 2016, {ISBN} 978-84-9921-848-9, págs. 2247-2256},
    publisher = {Octaedro},
    author = {Salazar, Javier and Hidalgo, Ponce and Salazar, Narcisa and Barahona, Byron Ernesto Vaca},
    date = {2016}
}

@article{vera_experiencias_2011,
    title = {Experiencias de incorporación de aplicaciones semánticas a la educación.},
    issn = {1135-9250},
    abstract = {Autorías: María del Mar Sánchez Vera, María Paz Prendes Espinosa, Francisco Martínez Sánchez, Patrick Carmichael, Agustina Martínez García.
Localización: Edutec: Revista electrónica de tecnología educativa. Nº. 36, 2011.
Artículo de Revista en Dialnet.},
    pages = {9--18},
    number = {36},
    journaltitle = {Edutec: Revista electrónica de tecnología educativa},
    author = {Vera, María del Mar Sánchez and Espinosa, María Paz Prendes and Sánchez, Francisco Martínez and Carmichael, Patrick and García, Agustina Martínez},
    date = {2011}
}

@inproceedings{campos_continuous_2014,
    title = {Continuous test generation: enhancing continuous integration with automated test generation},
    url = {https://dialnet.unirioja.es/servlet/articulo?codigo=4948590},
    shorttitle = {Continuous test generation},
    abstract = {Autorías: José Campos, Andrea Arcuri, Gordon Fraser, Rui Abreu.
Localización:  {ASE}´14. Proceedings of the 29th {ACM}/{IEEE} international conference on Automated software engineering, 2014.
Artículo de Libro en Dialnet.},
    eventtitle = {{ASE}´14. Proceedings of the 29th {ACM}/{IEEE} international conference on Automated software engineering},
    pages = {55--66},
    booktitle = {{ASE}´14. Proceedings of the 29th {ACM}/{IEEE} international conference on Automated software engineering, 2014, {ISBN} 978-1-4503-3013-, págs. 55-66},
    author = {Campos, José and Arcuri, Andrea and Fraser, Gordon and Abreu, Rui},
    date = {2014}
}

@inproceedings{pala_virtual_2013,
    title = {Virtual Environments Can Mediate Continuous Learning},
    isbn = {978-1-4666-2530-3},
    url = {https://dialnet.unirioja.es/servlet/articulo?codigo=6354384},
    abstract = {Autorías: Kiran Pala, Suryakanth Gangashetty.
Localización: Technologies for inclusive education: beyond traditional integration approaches, 2013.
Artículo de Libro en Dialnet.},
    eventtitle = {Technologies for inclusive education: beyond traditional integration approaches},
    pages = {90--121},
    booktitle = {Technologies for inclusive education: beyond traditional integration approaches, 2013, {ISBN} 978-1-4666-2530-3, págs. 90-121},
    author = {Pala, Kiran and Gangashetty, Suryakanth},
    date = {2013}
}

@article{liu_integration_2012,
    title = {Integration study of high quality teaching resources in universities},
    volume = {5},
    issn = {2013-0953},
    url = {https://dialnet.unirioja.es/servlet/articulo?codigo=5630230},
    abstract = {Autorías: Honglu Liu, Shugang Zhang, Xiaolan Guan.
Localización: Journal of Industrial Engineering and Management. Nº. 2, 2012.
Artículo de Revista en Dialnet.},
    pages = {496--508},
    number = {2},
    journaltitle = {Journal of Industrial Engineering and Management},
    author = {Liu, Honglu and Zhang, Shugang and Guan, Xiaolan},

    date = {2012}
}


@book{godse_fail_2013,
    title = {Fail fast, succeed faster: lessons on how to avoid business failure : inspired by real life stories of failures and challenges},
    isbn = {978-0-9920815-1-5 978-0-9920815-2-2},
    url = {http://proxy.uqtr.ca/login.cgi?action=login&u=uqtr&db=ebsco&ezurl=http://search.ebscohost.com/login.aspx?direct=true&scope=site&db=nlebk&AN=658154},
    shorttitle = {Fail fast, succeed faster},
    abstract = {A publication by Industry Canada has shown that between 2002 and 2008, 99,000 businesses were created, and within that same time frame, only 8,800 survived, representing a 91\% failure rate! Less than one in 10 businesses actually survived! Fail Fast. Succeed Faster. is a collection of real life one-on-one interviews with over 200 business executives who gave their valued time to share their incredible stories of business challenges and failures. The goal of the book is to enhance business success by learning through the failures and challenges of others. By being better prepared to tackle business hurdles, entrepreneurs are able to save time and money, directing resources to where they are most needed: moving the business forward. It is inevitable that an entrepreneur will go through business challenges. But by purchasing a copy today, anyone thinking of starting or expanding a business can put themselves on the path to success by learning from the failures of others instead of their own. Fail Fast and Succeed Faster. I was happy to contribute to Sunil Godse's effort to speak openly about what we can learn from failing. It's something we all do but don't listen closely enough to the learning. Kudos to Mr. Godse for pulling our mistakes together in a way we can all benefit from. {BRUCE} {CROXON}, Co-Founder Round13 Capital and former Co-Founder Lavalife Sunil's book can help any business, whether it's in start-up mode or poised for growth. Learn from the failures and successes of others, and succeed faster. {BILL} {JOHNSON}, Former Chairman and {CEO}, {McDonald}'s Restaurants Canada Ltd. From success, we gain satisfaction and confidence. From failure, we gain wisdom and humility. May we all make enough mistakes to live a balanced life. Sunil's book will show you how to learn from failures and help you on the road to success. {IRENE} {CHANG} {BRITT}, Senior Vice President Global Baking and Snacking, President Pepperidge Farm.},
    author = {Godse, Sunil},
    urldate = {2019-05-29},
    date = {2013},
    note = {{OCLC}: 987318427}
}

@article{barros_conocimiento_2016,
    title = {Conocimiento científico conocimiento didáctico. Una tensión permanente en la formación docente science knowledge and education knowledge. A continuous strain in teachers’ education},
    volume = {35},
    issn = {0213-9529},
    url = {https://dialnet.unirioja.es/servlet/articulo?codigo=5787071},
    abstract = {Autoría: Susana García Barros.
Localización: Campo abierto: Revista de educación. Nº 1, 2016.
Artículo de Revista en Dialnet.},
    pages = {31--44},
    number = {1},
    journaltitle = {Campo abierto: Revista de educación},
    author = {Barros, Susana García},

    date = {2016}
}

@article{orth_ambientes_2013,
    title = {Ambientes virtuais de aprendizagem e formação continuada de professores na modalidade a distância},
    volume = {18},
    issn = {0103-1457},
    url = {https://dialnet.unirioja.es/servlet/articulo?codigo=4597374},
    abstract = {Autorías: Miguel Alfredo Orth, Fabiane Sarmento Oliveira Fruet, Janete Otte, Marcus Freitas Neves.
Localización: Conjectura: filosofia e educação. Nº. 1, 2013.
Artículo de Revista en Dialnet.},
    pages = {42--58},
    number = {1},
    journaltitle = {Conjectura: filosofia e educação},
    author = {Orth, Miguel Alfredo and Fruet, Fabiane Sarmento Oliveira and Otte, Janete and Neves, Marcus Freitas},

    date = {2013}
}

@article{marin_estrategias_2017,
    title = {Estrategias de las Instituciones de Educación Superior para la Integración de las Tecnología de la Información y la Comunicación y de la Innovación en los Procesos de Enseñanza. Un Estudio en el Distrito de Barranquilla, Colombia},
    volume = {10},
    issn = {0718-5006},
    url = {https://dialnet.unirioja.es/servlet/articulo?codigo=6229758},
    abstract = {Autorías: Freddy V Marín, Alicia de J Inciarte, Hugo G Hernández, Remedios Pitre-Redondo.
Localización: Formación Universitaria. Nº. 6, 2017.
Artículo de Revista en Dialnet.},
    pages = {29--38},
    number = {6},
    journaltitle = {Formación Universitaria},
    author = {Marín, Freddy V. and Inciarte, Alicia de J. and Hernández, Hugo G. and Pitre-Redondo, Remedios},

    date = {2017}
}

@inproceedings{gonzalez_programacion_2007-1,
    title = {La programación en el proceso enseñanza-aprendizaje},
    isbn = {978-84-9732-519-6},
    url = {https://dialnet.unirioja.es/servlet/articulo?codigo=2198254},
    abstract = {Autorías: José Miguel Jiménez González, Ángel Pío González Soto, Manuel Fandos Garrido.
Localización: Formación de formadores, 2007.
Artículo de Libro en Dialnet.},
    eventtitle = {Formación de formadores},
    pages = {209--270},
    booktitle = {Formación de formadores,  Vol. 1, 2007 (Escenario Aula), {ISBN} 84-9732-519-2, págs. 209-270},
    publisher = {Thomson-Paraninfo},
    author = {González, José Miguel Jiménez and Soto, Ángel Pío González and Garrido, Manuel Fandos},

    date = {2007}
}





@book{QueueSystems,
    author    = "Leonard Kleinrock",
    maintitle     = "Queueing Systems",
    volume     = "1",
    title     = "Theory",
    publisher = "Wiley-Interscience",
    year      = "1975",
    ISBN      = "0471491101",
}


@ARTICLE{Alfonso2010a,
	author = {M. Alfonso and B. Bernardo and C. Carlos and D. Domingo},
	title = {El problema de los gatos y los perros},
	journal = {Mascotas},
	year = {2010},
	volume = {50},
	pages = {112-115}
}

@ARTICLE{Alfonso2010b,
	author = {M. Alfonso and M. Marta and N. Nuria},
	title = {Mi viaje a {EEUU}},
	journal = {Revista de viajes},
	year = {2010},
	volume = {14},
	pages = {50-56}
}

@ARTICLE{Patricio2011,
	author = {A. Patricio},
	title = {Una estrella rosa en el fondo del mar},
	journal = {El mar},
	year = {2011},
	volume = {3},
	pages = {1071-1090}
}

@ARTICLE{Zacarias2009,
	author = {R. Zacarias and G. Graciela},
	title = {¿{C}uál te gusta más?},
	journal = {Flores},
	year = {2009},
	volume = {5},
	pages = {45-49}
}


@inproceedings{benotti_effect_2018,
    location = {New York, {NY}, {USA}},
    title = {The Effect of a Web-based Coding Tool with Automatic Feedback on Students' Performance and Perceptions},
    isbn = {978-1-4503-5103-4},
    url = {http://doi.acm.org/10.1145/3159450.3159579},
    doi = {10.1145/3159450.3159579},
    series = {{SIGCSE} '18},
    abstract = {In this paper we do three things. First, we describe a web-based coding tool that is open-source, publicly available and provides formative feedback and assessment. Second, we compare several metrics on student performance in courses that use the tool versus courses that do not use it when learning to program in Haskell. We find that the dropout rates are significantly lower in those courses that use the tool at two different universities. Finally we apply the technology acceptance model to analyse students perceptions.},
    pages = {2--7},
    booktitle = {Proceedings of the 49th {ACM} Technical Symposium on Computer Science Education},
    publisher = {{ACM}},
    author = {Benotti, Luciana and Aloi, Federico and Bulgarelli, Franco and Gomez, Marcos J.},

    date = {2018},
    note = {event-place: Baltimore, Maryland, {USA}},
    keywords = {automatic assessment, coding tools, functional programming, haskell, replication}
}


@online{noauthor_how_2019,
    title = {How {GitHub} Classroom and Travis {CI} improved students' grades},
    url = {https://github.blog/2019-02-12-how-github-classroom-and-travis-ci-improved-students-grades/},
    abstract = {Learn how Dr. Shane Wilson saved time and boosted student performance with the help of {GitHub} Classroom and Travis {CI}},
    titleaddon = {The {GitHub} Blog},

    date = {2019-02-12},
    langid = {american},
    file = {Snapshot:/Users/ernesto/Zotero/storage/LBFHL2XP/2019-02-12-how-github-classroom-and-travis-ci-improved-students-grades.html:text/html}
}

@inproceedings{GuoSIGCSE2013,
 author = {Guo, Philip J.},
 title = {{Online Python Tutor}: Embeddable Web-based Program Visualization for {CS} Education},
 booktitle = {Proceedings of the 44th ACM Technical Symposium on Computer Science Education},
 series = {SIGCSE '13},
 year = {2013},
 isbn = {978-1-4503-1868-6},
 location = {Denver, Colorado, USA},
 pages = {579--584},
 numpages = {6},
 url = {http://doi.acm.org/10.1145/2445196.2445368},
 doi = {10.1145/2445196.2445368},
 acmid = {2445368},
 publisher = {ACM},
 address = {New York, NY, USA},
 keywords = {CS1, program visualization, python},
}

@misc{gplv3,
  title        = {GNU General Public License},
  version      = {3},
  shorthand    = {GPL},
  organization = {Free Software Foundation},
  url          = {http://www.gnu.org/licenses/gpl.html},
  pagination   = {section},
  language     = {english},
  date         = {2007-06-29}
  }

@online{TIOBE2019,
  author = {{TIOBE Software}},
  keywords = {imported},
  note = {[Online; accessed 15-may-2019]},
  organization = {TIOBE Software},
  title = {{TIOBE} Programming Community Index, May 2019},
  url = {https://www.tiobe.com/tiobe-index/},
  year = 2012
}


@online{stack_overflow_stack_2019,
    title = {Stack Overflow Developer Survey 2019},
    url = {https://insights.stackoverflow.com/survey/2019/?utm_source=social-share&utm_medium=social&utm_campaign=dev-survey-2019},
    abstract = {Nearly 90,000 took this comprehensive, annual survey of people who code. Demographics. Most loved, dreaded and wanted technologies. Salary and careers.},
    titleaddon = {Stack Overflow},
    date = 2019,
    author = {Stack Overflow},
    urldate = {2019-06-02},
    file = {Snapshot:/Users/ernesto/Zotero/storage/2NUMZMMX/2019.html:text/html}
}


@online{python.org_pep_2018,
    title = {{PEP} 373 -- Python 2.7 Release Schedule},
    url = {https://www.python.org/dev/peps/pep-0373/},
    abstract = {The official home of the Python Programming Language},
    titleaddon = {Python.org},
    author = {Python.org},
    urldate = {2019-06-02},
    date = {2018},
    langid = {english},
    file = {Snapshot:/Users/ernesto/Zotero/storage/RB38XRDK/pep-0373.html:text/html}
}
